@ARTICLE{scharstein2001,
    author = {Daniel Scharstein and Richard Szeliski},
    title = {A Taxonomy and Evaluation of Dense Two-Frame Stereo Correspondence Algorithms},
    journal = {INTERNATIONAL JOURNAL OF COMPUTER VISION},
    year = {2001},
    volume = {47},
    pages = {7--42}
}

@inproceedings{ponce2006,
  author = {Rothganger, Fred and Lazebnik, Svetlana and Schmid, Cordelia and Ponce, Jean},
  booktitle = {Toward Category-Level Object Recognition},
  editor = {Ponce, Jean and Hebert, Martial and Schmid, Cordelia and Zisserman, Andrew},
  isbn = {3-540-68794-7},
  keywords = {dblp},
  pages = {105-126},
  publisher = {Springer},
  series = {Lecture Notes in Computer Science},
  title = {3D Object Modeling and Recognition from Photographs and Image Sequences.},
  volume = 4170,
  year = 2006
}



@inproceedings{seitz2006,
 author = {Seitz, Steven M. and Curless, Brian and Diebel, James and Scharstein, Daniel and Szeliski, Richard},
 title = {A Comparison and Evaluation of Multi-View Stereo Reconstruction Algorithms},
 booktitle = {Proceedings of the 2006 IEEE Computer Society Conference on Computer Vision and Pattern Recognition - Volume 1},
 series = {CVPR '06},
 year = {2006},
 isbn = {0-7695-2597-0},
 pages = {519--528},
 numpages = {10},
 url = {http://dx.doi.org/10.1109/CVPR.2006.19},
 doi = {10.1109/CVPR.2006.19},
 acmid = {1153518},
 publisher = {IEEE Computer Society},
 address = {Washington, DC, USA},
} 

@Book{ogorman,
  author = 	 {Lawrence O'Gorman and Michael J. Sammon and Michael Seul},
  editor = 	 {Cambridge University Press},
  title = 	 {Practical Algorithms for Image Analysis},
  publisher = 	 {2008},
  edition = 	 {First}
}



@Book{nixon,

  author = 	 {Mark Nixon and Alberto Aguado},
  editor = 	 {Elsevier Ltda.},
  title = 	 {Feature Extraction and Image Processing},
  publisher = 	 {2008},
  edition = 	 {Second}
}

@Book{geoff,
  
  author =       {Geoff Dougherty},
  editor =       {Cambridge University Press},
  title =        {Digital Image Processing for Medical Applications},
  publisher =    {2009},
  edition =      {First}
}

@INPROCEEDINGS{rabin,
    author = {A. Rabinovich and C. A. Laris and Qdm Inc and S. Agarwal and J. H. Price and S. Belongie},
    title = {Unsupervised color decomposition of histologically stained tissue samples},
    booktitle = {in Advances in Neural Information Processing Systems},
    year = {2003},
    publisher = {MIT Press}
}

@InProceedings{hreb,
  author      = "M. Hrebien and P. Stec",
  title       = "The Hough transform and active contours in segmentation of cytological images",
  booktitle   = "Medical Informatics \& Technology - MIT 2006 : proceedings of the XI international conference; ISBN: 83-89105-89-6",
  address     = "Wisła-Malinka, Polska",
  publisher   = "Zabrze",
  pages       = "62--68",
  organization = "Institute of Medical Technology \& Equipment, Zabrze",
  year        = "2006",
  note        = "+ CD-ROM",
}

@Article{hai,
AUTHOR = {Wu, Hai-Shan and Murray, Jacinta and Morgello, Susan},
TITLE = {Segmentation of Brain Immunohistochemistry Images Using Clustering of Linear Centroids and Regional Shapes.},
JOURNAL = {J Imaging Sci Technol},
VOLUME = {52},
YEAR = {2008},
NUMBER = {4},
PAGES = {405021-4050211},
ISSN = {1943-3522},
}

@article{jelen,
 author = {Jele\'{n}, \Lukasz and Fevens, Thomas and Krzy\.{z}ak, Adam},
 title = {Classification of Breast Cancer Malignancy Using Cytological Images of Fine Needle Aspiration Biopsies},
 journal = {Int. J. Appl. Math. Comput. Sci.},
 volume = {18},
 month = {March},
 year = {2008},
 issn = {1641-876X},
 pages = {75--83},
 publisher = {Versita},
 address = {Warsaw, Poland, Poland},
 keywords = {Automated Malignancy Grading, Bloom-Richardson, Breast Cancer Grading, Fna Grading, Svm},
}

@article{lopera,
   author = {G\'omez-Lopera, Juan Francisco and Mart\'inez-Aroza, Jos\'e and Robles-P\'erez, Aureliano M. and Rom\'an-Rold\'an, Ram\'on},
   title = {An Analysis of Edge Detection by Using the Jensen-Shannon Divergence},
   journal = {Journal of Mathematical Imaging and Vision},
   publisher = {Springer Netherlands},
   issn = {0924-9907},
   keyword = {Computer Science},
   pages = {35-56},
   volume = {13},
   issue = {1},
   url = {http://dx.doi.org/10.1023/A:1008325607354},
   note = {10.1023/A:1008325607354},
   year = {2000}
}

@article{libsvm,
 author = {Chang, Chih-Chung and Lin, Chih-Jen},
 title = {{LIBSVM}: A library for support vector machines},
 journal = {ACM Transactions on Intelligent Systems and Technology},
 volume = {2},
 issue = {3},
 year = {2011},
 pages = {27:1--27:27},
 note =	 {Software available at \url{http://www.csie.ntu.edu.tw/~cjlin/libsvm}}
}







@ARTICLE{kruiz,
    author = {P. Kruizinga and N. Petkov and S. E. Grigorescu},
    title = {Comparison of texture features based on gabor filters},
    journal = {IEEE Transactions on Image Processing},
    year = {2002},
    volume = {11},
    pages = {1160--1167}}




@incollection{frangi,
    author = {Frangi, Alejandro F. and Niessen, Wiro J. and Vincken, Koen L. and Viergever, Max A.},
    journal = {Medical Image Computing and Computer-Assisted Interventation — MICCAI'98},
    pages = {130+},
    title = {{Multiscale Vessel Enhancement Filtering}},
    year = {1998}
}

@book{vapnik,
    author = {Vapnik, Vladimir N.},
    day = {16},
    howpublished = {Hardcover},
    isbn = {0471030031},
    keywords = {machine-learning},
    month = sep,
    posted-at = {2006-02-27 12:34:13},
    publisher = {Wiley-Interscience},
    title = {{Statistical Learning Theory}},
    year = {1998}
}


@inproceedings{du,
 author = {Du, Xinyu and Li, Yongjie and Yao, Dezhong},
 title = {A Support Vector Machine Based Algorithm for Magnetic Resonance Image Segmentation},
 booktitle = {Proceedings of the 2008 Fourth International Conference on Natural Computation - Volume 03},
 year = {2008},
 isbn = {978-0-7695-3304-9},
 pages = {49--53},
 numpages = {5},
 url = {http://portal.acm.org/citation.cfm?id=1473245.1473560},
 doi = {10.1109/ICNC.2008.400},
 acmid = {1473560},
 publisher = {IEEE Computer Society},
 address = {Washington, DC, USA},
 keywords = {SVM, MRI, Segmentation},
} 

@inproceedings{potmesil,
author = {Potmesil, M.},
title  = {Generating models of solid objects by matching 3D surface segments},
booktitle = {Proceedings of the 8th International Joint Conference on Artificial Intelligence},
pages = {1089-1093},
year  = {1983}
}

@incollection{herman,
  AUTHOR = {M. Herman and T. Kanade},
  TITLE = {The 3D MOSAIC Scene Understanding System: Incremental Reconstruction of 3D Scenes from Complex Images},
  YEAR = 1987,
  BOOKTITLE = {Readings in Computer Vision: Issues, Problems, Principles, and Paradigms},
  EDITOR = {M. A. Fischler and O. Firschein},
  PUBLISHER = {Kaufmann},
  ADDRESS = {Los Altos, CA.},
  PAGES = {471-482},
  KEYWORDS = {vision}
}


@article{faugeras,
  added-at = {2006-09-04T00:00:00.000+0200},
  author = {Faugeras, Olivier D. and Hebert, Martial and Mussi, P. and Boissonnat, Jean-Daniel},
  biburl = {http://www.bibsonomy.org/bibtex/2ab97dfb4c86342a72e57fcfcc6970c98/dblp},
  date = {2006-09-04},
  description = {dblp},
  ee = {http://dx.doi.org/10.1016/0734-189X(84)90101-4},
  interhash = {07fb9848f9800cfb5aa94727859eb150},
  intrahash = {ab97dfb4c86342a72e57fcfcc6970c98},
  journal = {Computer Vision, Graphics, and Image Processing},
  keywords = {dblp},
  number = 2,
  pages = {169-183},
  timestamp = {2006-09-04T00:00:00.000+0200},
  title = {Polyhedral approximation of 3-D objects without holes.},
  url = {http://dblp.uni-trier.de/db/journals/cvgip/cvgip25.html#FaugerasHMB84},
  volume = 25,
  year = 1984
}

@INPROCEEDINGS{koch,
    author = {R. Koch and J. -f. Evers-senne and J. -m. Frahm and K. Koeser},
    title = {3d reconstruction and rendering from image sequences},
    booktitle = {In: WIAMIS 05},
    year = {2005}
}

@inproceedings{zhao,
 author = {Ting, Zhao and Feng, David Dagan and Zheng, Tan},
 title = {3D reconstruction of single picture},
 booktitle = {Proceedings of the Pan-Sydney area workshop on Visual information processing},
 series = {VIP '05},
 year = {2004},
 isbn = {1-920682-18-X},
 pages = {83--86},
 numpages = {4},
 url = {http://dl.acm.org/citation.cfm?id=1082121.1082135},
 acmid = {1082135},
 publisher = {Australian Computer Society, Inc.},
 address = {Darlinghurst, Australia, Australia},
 keywords = {constraints, curvilinear modality, hierarchical, photorealistic, single picture},
}

@inproceedings{sormann,
 author = {Sormann, Mario and Bauer, Joachim and Zach, Christopher and Klaus, Andreas and Karner, Konrad},
 title = {VR modeler: from image sequences to 3D models},
 booktitle = {Proceedings of the 20th spring conference on Computer graphics},
 series = {SCCG '04},
 year = {2004},
 isbn = {1-58113-967-5},
 location = {Budmerice, Slovakia},
 pages = {148--156},
 numpages = {9},
 url = {http://doi.acm.org/10.1145/1037210.1037233},
 doi = {10.1145/1037210.1037233},
 acmid = {1037233},
 publisher = {ACM},
 address = {New York, NY, USA},
 keywords = {3D modeling, 3D reconstruction, feature based modeling, image sequences, interactive modeling system, photogrammetry, user interface},
}

@inproceedings{habbecke,
    author = {Habbecke, Martin and Kobbelt, Leif},
    title = {Laser brush: a flexible device for 3D reconstruction of indoor scenes},
    booktitle = {Proceedings of the 2008 ACM symposium on Solid and physical modeling},
    series = {SPM '08},
    year = {2008},
    isbn = {978-1-60558-106-4},
    location = {Stony Brook, New York},
    pages = {231--239},
    numpages = {9},
    url = {http://doi.acm.org/10.1145/1364901.1364933},
    doi = {10.1145/1364901.1364933},
    acmid = {1364933},
    publisher = {ACM},
    address = {New York, NY, USA},
}

@article{cornelis,
    author = {Cornelis, Nico and Leibe, Bastian and Cornelis, Kurt and Gool, Luc},
    title = {3D Urban Scene Modeling Integrating Recognition and Reconstruction},
    journal = {Int. J. Comput. Vision},
    issue_date = {July      2008},
    volume = {78},
    number = {2-3},
    month = jul,
    year = {2008},
    issn = {0920-5691},
    pages = {121--141},
    numpages = {21},
    url = {http://dx.doi.org/10.1007/s11263-007-0081-9},
    doi = {10.1007/s11263-007-0081-9},
    acmid = {1355831},
    publisher = {Kluwer Academic Publishers},
    address = {Hingham, MA, USA},
    keywords = {3D reconstruction, City modeling, Object detection, Structure from motion, Temporal integration},
}

@article{tao,
    author = {Tao Guan and Liya Duan and Junqing Yu and Yongjian Chen and Xu Zhang},
    title = {Real-Time Camera Pose Estimation for Wide-Area Augmented Reality Applications},
    journal ={IEEE Computer Graphics and Applications},
    volume = {31},
    issn = {0272-1716},
    year = {2011},
    pages = {56-68},
    doi = {http://doi.ieeecomputersociety.org/10.1109/MCG.2010.23},
    publisher = {IEEE Computer Society},
    address = {Los Alamitos, CA, USA},
}

@inproceedings{binney,
 author = {Binney, Jonathan and Sukhatme, Gaurav S.},
 title = {3D tree reconstruction from laser range data},
 booktitle = {Proceedings of the 2009 IEEE international conference on Robotics and Automation},
 series = {ICRA'09},
 year = {2009},
 isbn = {978-1-4244-2788-8},
 location = {Kobe, Japan},
 pages = {3183--3188},
 numpages = {6},
 url = {http://dl.acm.org/citation.cfm?id=1703775.1703963},
 acmid = {1703963},
 publisher = {IEEE Press},
 address = {Piscataway, NJ, USA},
} 

@inproceedings{keqiang,
 author = {Keqiang, Zheng and Yan, Zhuang and Wei, Wang},
 title = {Automated 3D scenes reconstruction for mobile robots using laser scanning},
 booktitle = {Proceedings of the 21st annual international conference on Chinese control and decision conference},
 series = {CCDC'09},
 year = {2009},
 isbn = {978-1-4244-2722-2},
 location = {Guilin, China},
 pages = {3055--3060},
 numpages = {6},
 url = {http://dl.acm.org/citation.cfm?id=1715350.1715616},
 acmid = {1715616},
 publisher = {IEEE Press},
 address = {Piscataway, NJ, USA},
 keywords = {3D scenes reconstruction, data reduction, edge extraction, mobile robots, scenes registration},
} 

@INPROCEEDINGS{guangyu, 
author={Guangyu Mu and Miao Liao and Ruigang Yang and Dantong Ouyang and Zhiwen Xu and Xiaoxin Guo}, 
booktitle={Intelligent Computing and Integrated Systems (ICISS), 2010 International Conference on}, 
title={Complete 3D model reconstruction using a depth sensor}, 
year={2010}, 
month={oct.}, 
volume={}, 
number={}, 
pages={175 -179}, 
keywords={ICP;complete 3D model reconstruction;depth sensor;feature tracking;initial alignment;iterative closest point;piecewise surfaces;refinement step;regular camera;volumetric method;image reconstruction;image sensors;iterative methods;}, 
doi={10.1109/ICISS.2010.5656808}, 
ISSN={},
}

@article{wei,
author = {Wei Jiang and Jian Lu},
title = {Panoramic 3D Reconstruction by Fusing Color Intensity and Laser Range Data},
journal ={Robotics and Biomimetics, IEEE International Conference on},
volume = {0},
isbn = {1-4244-0570-X},
year = {2006},
pages = {947-953},
doi = {http://doi.ieeecomputersociety.org/10.1109/ROBIO.2006.340348},
publisher = {IEEE Computer Society},
address = {Los Alamitos, CA, USA},
}

@inproceedings{henry,
    author = {Henry, P. and Krainin, M. and Herbst, E. and Ren, X. and Fox, D.},
    booktitle = {Proceedings of the 12th International Symposium on Experimental Robotics},
    citeulike-article-id = {9782580},
    posted-at = {2011-09-19 13:07:58},
    priority = {2},
    title = {{RGB-D Mapping: Using depth cameras for dense 3D modeling of indoor environments}},
    year = {2010}
}

@inproceedings{cole,
    author = {Cole, D. M. and Newman, P. M.},
    booktitle = {Robotics and Automation, 2006. ICRA 2006. Proceedings 2006 IEEE International Conference on},
    citeulike-article-id = {4456993},
    citeulike-linkout-0 = {http://dx.doi.org/10.1109/ROBOT.2006.1641929},
    citeulike-linkout-1 = {http://ieeexplore.ieee.org/xpls/abs\_all.jsp?arnumber=1641929},
    doi = {10.1109/ROBOT.2006.1641929},
    journal = {Robotics and Automation, 2006. ICRA 2006. Proceedings 2006 IEEE International Conference on},
    keywords = {3d, slam},
    pages = {1556--1563},
    posted-at = {2009-05-04 05:27:16},
    priority = {2},
    title = {{Using laser range data for 3D SLAM in outdoor environments}},
    url = {http://dx.doi.org/10.1109/ROBOT.2006.1641929},
    year = {2006}
}

@INPROCEEDINGS{cui, 
author={Yan Cui and Schuon, S. and Chan, D. and Thrun, S. and Theobalt, C.}, 
booktitle={Computer Vision and Pattern Recognition (CVPR), 2010 IEEE Conference on}, 
title={3D shape scanning with a time-of-flight camera}, 
year={2010}, 
month={june}, 
volume={}, 
number={}, 
pages={1173 -1180}, 
keywords={3D shape scanning technology;3D superresolution method;ToF cameras;depth measurement;random noise;time-of-flight camera;video rate;image reconstruction;image sensors;object recognition;spatial variables measurement;}, 
doi={10.1109/CVPR.2010.5540082}, 
ISSN={1063-6919},
}

@article{huhle,
 author = {Huhle, Benjamin and Jenke, Philipp and Strasser, Wolfgang},
 title = {On\&\#45;the\&\#45;fly scene acquisition with a handy multi\&\#45;sensor system},
 journal = {Int. J. Intell. Syst. Technol. Appl.},
 issue_date = {November 2008},
 volume = {5},
 number = {3/4},
 month = nov,
 year = {2008},
 issn = {1740-8865},
 pages = {255--263},
 numpages = {9},
 url = {http://dx.doi.org/10.1504/IJISTA.2008.021288},
 doi = {10.1504/IJISTA.2008.021288},
 acmid = {1462092},
 publisher = {Inderscience Publishers},
 address = {Inderscience Publishers, Geneva, SWITZERLAND},
 keywords = {NDT, PMD, SIFT, depth data, multi\&\#45;sensor systems, multiple sensors, normal distributions transform, photonic mixer device, pipeline colour, registration, scale invariant feature transform, scene acquisition, spectral correspondences},
} 

@article{brown,
 author = {Brown, Benedict J. and Rusinkiewicz, Szymon},
 title = {Global non-rigid alignment of 3-D scans},
 journal = {ACM Trans. Graph.},
 issue_date = {July 2007},
 volume = {26},
 number = {3},
 month = jul,
 year = {2007},
 issn = {0730-0301},
 articleno = {21},
 url = {http://doi.acm.org/10.1145/1276377.1276404},
 doi = {10.1145/1276377.1276404},
 acmid = {1276404},
 publisher = {ACM},
 address = {New York, NY, USA},
}

@inproceedings{kolb,
    address = {CH-1288 Aire-la-Ville},
    author = {Kolb, A. and Barth, E. and Koch, R. and Larsen, R.},
    booktitle = {Eurographics 2009 - State of the Art Reports},
    citeulike-article-id = {5249369},
    citeulike-linkout-0 = {http://www.cg.informatik.uni-siegen.de/data/Publications/2009/kolb09tof-star.pdf},
    editor = {Pauly, M. and Greiner, G.},
    issn = {1017-4656},
    keywords = {3d, camera, tof},
    location = {Munich, Germany},
    month = mar,
    organization = {Eurographics Association},
    pages = {119--134},
    posted-at = {2009-07-24 10:36:19},
    priority = {0},
    publisher = {Eurographics},
    title = {{Time-of-Flight Sensors in Computer Graphics}},
    url = {http://www.cg.informatik.uni-siegen.de/data/Publications/2009/kolb09tof-star.pdf},
    year = {2009}
}

@inproceedings{schuon,
  added-at = {2009-12-31T00:00:00.000+0100},
  author = {Schuon, Sebastian and Theobalt, Christian and Davis, James and Thrun, Sebastian},
  biburl = {http://www.bibsonomy.org/bibtex/24146b83ff977e939df638292496a7d7b/dblp},
  booktitle = {CVPR},
  crossref = {conf/cvpr/2009},
  date = {2009-12-31},
  description = {dblp},
  ee = {http://doi.ieeecomputersociety.org/10.1109/CVPRW.2009.5206804},
  interhash = {53735e0b9631dd9499d97c549fb946d8},
  intrahash = {4146b83ff977e939df638292496a7d7b},
  isbn = {978-1-4244-3992-8},
  keywords = {dblp},
  pages = {343-350},
  publisher = {IEEE},
  timestamp = {2009-12-31T00:00:00.000+0100},
  title = {LidarBoost: Depth superresolution for ToF 3D shape scanning.},
  url = {http://dblp.uni-trier.de/db/conf/cvpr/cvpr2009.html#SchuonTDT09},
  year = 2009
}
 
@inbook{lanman, 
    title={Build your own 3D scanner}, 
    booktitle={ACM SIGGRAPH 2009 Courses}, 
    publisher={ACM Press}, 
    author={Lanman, Douglas and Taubin, Gabriel}, 
    year={2009}, 
    pages={1--94}
}

@phdthesis{baumgart,
 author = {Baumgart, Bruce Guenther},
 title = {Geometric modeling for computer vision.},
 year = {1974},
 note = {AAI7506806},
 publisher = {Stanford University},
 address = {Stanford, CA, USA},
}

@inproceedings{baker,
 author = {Baker, Harlyn},
 title = {Three-dimensional modelling},
 booktitle = {Proceedings of the 5th international joint conference on Artificial intelligence - Volume 2},
 series = {IJCAI'77},
 year = {1977},
 location = {Cambridge, USA},
 pages = {649--655},
 numpages = {7},
 url = {http://dl.acm.org/citation.cfm?id=1622943.1622967},
 acmid = {1622967},
 publisher = {Morgan Kaufmann Publishers Inc.},
 address = {San Francisco, CA, USA},
}

@article{lafue,
 author = {Lafue, Gilles},
 title = {Recognition of three-dimensional objects from orthographic views},
 journal = {SIGGRAPH Comput. Graph.},
 issue_date = {Summer 1976},
 volume = {10},
 number = {2},
 month = jul,
 year = {1976},
 issn = {0097-8930},
 pages = {103--108},
 numpages = {6},
 url = {http://doi.acm.org/10.1145/965143.563295},
 doi = {10.1145/965143.563295},
 acmid = {563295},
 publisher = {ACM},
 address = {New York, NY, USA},
}

@inproceedings{pfister,
 author = {Pfister, Hanspeter and Zwicker, Matthias and van Baar, Jeroen and Gross, Markus},
 title = {Surfels: surface elements as rendering primitives},
 booktitle = {Proceedings of the 27th annual conference on Computer graphics and interactive techniques},
 series = {SIGGRAPH '00},
 year = {2000},
 isbn = {1-58113-208-5},
 pages = {335--342},
 numpages = {8},
 url = {http://dx.doi.org/10.1145/344779.344936},
 doi = {10.1145/344779.344936},
 acmid = {344936},
 publisher = {ACM Press/Addison-Wesley Publishing Co.},
 address = {New York, NY, USA},
 keywords = {rendering systems, texture mapping},
}

@inproceedings{izadi,
    address = {New York, NY, USA},
    author = {Izadi, Shahram and Kim, David and Hilliges, Otmar and Molyneaux, David and Newcombe, Richard and Kohli, Pushmeet and Shotton, Jamie and Hodges, Steve and Freeman, Dustin and Davison, Andrew and Fitzgibbon, Andrew},
    booktitle = {Proceedings of the 24th annual ACM symposium on User interface software and technology},
    citeulike-article-id = {10032813},
    citeulike-linkout-0 = {http://portal.acm.org/citation.cfm?id=2047196.2047270},
    citeulike-linkout-1 = {http://dx.doi.org/10.1145/2047196.2047270},
    doi = {10.1145/2047196.2047270},
    isbn = {978-1-4503-0716-1},
    keywords = {depthcameras},
    location = {Santa Barbara, California, USA},
    pages = {559--568},
    posted-at = {2011-11-16 16:41:45},
    priority = {2},
    publisher = {ACM},
    series = {UIST '11},
    title = {{KinectFusion: real-time 3D reconstruction and interaction using a moving depth camera}},
    url = {http://dx.doi.org/10.1145/2047196.2047270},
    year = {2011}
}


@article{mckay92,
author = {P.J. Besl and N.D. McKay},
title = {A Method for Registration of 3-D Shapes},
journal ={IEEE Transactions on Pattern Analysis and Machine Intelligence},
volume = {14},
issn = {0162-8828},
year = {1992},
pages = {239-256},
doi = {http://doi.ieeecomputersociety.org/10.1109/34.121791},
publisher = {IEEE Computer Society},
address = {Los Alamitos, CA, USA},
}

@inproceedings{jan,
 author = {Frahm, Jan-Michael and Fite-Georgel, Pierre and Gallup, David and Johnson, Tim and Raguram, Rahul and Wu, Changchang and Jen, Yi-Hung and Dunn, Enrique and Clipp, Brian and Lazebnik, Svetlana and Pollefeys, Marc},
 title = {Building Rome on a cloudless day},
 booktitle = {Proceedings of the 11th European conference on Computer vision: Part IV},
 series = {ECCV'10},
 year = {2010},
 isbn = {3-642-15560-X, 978-3-642-15560-4},
 location = {Heraklion, Crete, Greece},
 pages = {368--381},
 numpages = {14},
 url = {http://dl.acm.org/citation.cfm?id=1888089.1888117},
 acmid = {1888117},
 publisher = {Springer-Verlag},
 address = {Berlin, Heidelberg},
}

@inproceedings{may2009,
 author = {May, Stefan and Fuchs, Stefan and Droeschel, David and Holz, Dirk and N\"{u}chter, Andreas},
 title = {Robust 3D-mapping with time-of-flight cameras},
 booktitle = {Proceedings of the 2009 IEEE/RSJ international conference on Intelligent robots and systems},
 series = {IROS'09},
 year = {2009},
 isbn = {978-1-4244-3803-7},
 location = {St. Louis, MO, USA},
 pages = {1673--1678},
 numpages = {6},
 url = {http://dl.acm.org/citation.cfm?id=1733343.1733640},
 acmid = {1733640},
 publisher = {IEEE Press},
 address = {Piscataway, NJ, USA},
}

@INPROCEEDINGS{weise08,
    AUTHOR = "Thibaut Weise and Bastian Leibe and Luc J. Van Gool",
    TITLE = "Accurate and robust registration for in-hand modeling",
    BOOKTITLE = "CVPR'08",
    PAGES = {-1--1},
    YEAR = {2008}, 
}   

@INPROCEEDINGS{jaeggli03,
    author = {Tobias Jaeggli and Thomas P. Koninckx and Luc Van Gool},
    title = {Online 3D Acquisition and Model Integration},
    booktitle = {IEEE Int. Workshop on Projector-Camera Systems (in conjunction with ICCV 2003) },
    year = {}
}

@inproceedings{biber03,
    author = {Biber, P. and Straer, W.},
    title = {{The Normal Distributions Transform: A New Approach to Laser Scan Matching}},
    booktitle={Intelligent Robots and Systems, 2003. (IROS 2003). Proceedings. 2003 IEEE/RSJ International Conference},
    url = {http://citeseerx.ist.psu.edu/viewdoc/summary?doi=10.1.1.10.7059},
    year = {2003}
}

@INPROCEEDINGS{Newcombe10livedense,
    author = {Richard A. Newcombe and Andrew J. Davison},
    title = {Live dense reconstruction with a single moving camera},
    booktitle = {IEEE Conference on Computer Vision and pattern Recognition},
    year = {2010}
}

